<record><leader>00000cas a2200000 a 4500</leader><controlfield tag="001">13030473</controlfield><controlfield tag="008">860116d19341942ksuwr ne      0    0eng d</controlfield><datafield ind1=" " ind2=" " tag="010"><subfield code="a">sn 85067314 </subfield></datafield><datafield ind1=" " ind2=" " tag="040"><subfield code="a">KSH</subfield><subfield code="b">eng</subfield><subfield code="c">KSH</subfield><subfield code="d">NPT</subfield><subfield code="d">OCL</subfield><subfield code="d">OCLCQ</subfield></datafield><datafield ind1=" " ind2=" " tag="042"><subfield code="a">msc</subfield></datafield><datafield ind1="0" ind2=" " tag="130"><subfield code="a">Woodson County post (Neosho Falls, Kan. : 1934)</subfield></datafield><datafield ind1="1" ind2="4" tag="245"><subfield code="a">The Woodson County post.</subfield></datafield><datafield ind1=" " ind2=" " tag="260"><subfield code="a">Neosho Falls, Kan. :</subfield><subfield code="b">M.L. Post,</subfield><subfield code="c">1934-1942.</subfield></datafield><datafield ind1=" " ind2=" " tag="300"><subfield code="a">8 v. :</subfield><subfield code="b">ill. ;</subfield><subfield code="c">42 cm.</subfield></datafield><datafield ind1=" " ind2=" " tag="310"><subfield code="a">Weekly</subfield></datafield><datafield ind1="0" ind2=" " tag="362"><subfield code="a">Vol. 64, no. 3 (Sept. 27, 1934)-72nd year, no. 5 (Oct. 1, 1942).</subfield></datafield><datafield ind1=" " ind2=" " tag="500"><subfield code="a">Published in Yates Center, Kan. and Neosho Falls, Kan., Sept. 27, 1934-Feb. 17, 1938. Published in Yates Center, Kan., Feb. 24, 1938-Oct. 1, 1942.</subfield></datafield><datafield ind1=" " ind2=" " tag="500"><subfield code="a">Published by: Harry L. Covert, &lt;1936&gt;-Oct. 1, 1942.</subfield></datafield><datafield ind1=" " ind2=" " tag="500"><subfield code="a">Special section called: Wildcats' howl, Oct. 11, 1934-May 2, 1935, numbered v. 1, no. 1-v. 1, no. 27.</subfield></datafield><datafield ind1=" " ind2=" " tag="752"><subfield code="a">United States</subfield><subfield code="b">Kansas</subfield><subfield code="c">Woodson</subfield><subfield code="d">Neosho Falls.</subfield></datafield><datafield ind1=" " ind2=" " tag="752"><subfield code="a">United States</subfield><subfield code="b">Kansas</subfield><subfield code="c">Woodson</subfield><subfield code="d">Yates Center.</subfield></datafield><datafield ind1="0" ind2="0" tag="780"><subfield code="t">Woodson County post and the Neosho Falls post</subfield><subfield code="w">(DLC)sn 85067313</subfield></datafield><datafield ind1="0" ind2="7" tag="785"><subfield code="t">Yates Center news (Yates Center, Kan. : 1933)</subfield><subfield code="w">(DLC)sn 85067276</subfield></datafield><datafield ind1="0" ind2="7" tag="785"><subfield code="t">Yates Center news and the Woodson County post</subfield><subfield code="w">(DLC)sn 85067282</subfield></datafield><datafield ind1="1" ind2=" " tag="029"><subfield code="a">AU@</subfield><subfield code="b">000022171862</subfield></datafield></record>